<record><leader>00000cas a22000007a 4500</leader><controlfield tag="001">10418477</controlfield><controlfield tag="008">840215d17931793ctuwr ne      0    0eng d</controlfield><datafield ind1=" " ind2=" " tag="010"><subfield code="a">sn 84022459 </subfield></datafield><datafield ind1=" " ind2=" " tag="040"><subfield code="a">NPX</subfield><subfield code="b">eng</subfield><subfield code="c">NPX</subfield><subfield code="d">NPU</subfield><subfield code="d">NVF</subfield><subfield code="d">OCL</subfield><subfield code="d">OCLCG</subfield><subfield code="d">OCLCQ</subfield><subfield code="d">OCLCF</subfield><subfield code="d">OCLCO</subfield></datafield><datafield ind1=" " ind2=" " tag="042"><subfield code="a">msc</subfield></datafield><datafield ind1=" " ind2=" " tag="043"><subfield code="a">n-us-ct</subfield></datafield><datafield ind1="0" ind2=" " tag="130"><subfield code="a">Republican journal (Danbury, Conn. : 1793)</subfield></datafield><datafield ind1="1" ind2="0" tag="245"><subfield code="a">Republican journal.</subfield></datafield><datafield ind1=" " ind2=" " tag="260"><subfield code="a">Danbury, Conn. :</subfield><subfield code="b">Nathan Douglas</subfield></datafield><datafield ind1=" " ind2=" " tag="300"><subfield code="a">v. :</subfield><subfield code="b">ill. ;</subfield><subfield code="c">41 cm.</subfield></datafield><datafield ind1=" " ind2=" " tag="310"><subfield code="a">Weekly</subfield></datafield><datafield ind1="1" ind2=" " tag="362"><subfield code="a">Began with June 17, 1793 issue; ceased with Dec. 9, 1793 issue.</subfield><subfield code="z">Cf. Brigham, C.S. Amer. newspapers.</subfield></datafield><datafield ind1=" " ind2=" " tag="500"><subfield code="a">References: Evans 26069; Brigham, C.S. Amer. newspapers.</subfield></datafield><datafield ind1=" " ind2=" " tag="588"><subfield code="a">Description based on: Vol. 1, no. 3 (July 1, 1793).</subfield></datafield><datafield ind1=" " ind2="0" tag="651"><subfield code="a">Danbury (Conn.)</subfield><subfield code="v">Newspapers.</subfield></datafield><datafield ind1=" " ind2="7" tag="655"><subfield code="a">Newspapers.</subfield><subfield code="2">fast</subfield><subfield code="0">(OCoLC)fst01423814</subfield></datafield><datafield ind1=" " ind2="7" tag="651"><subfield code="a">Connecticut</subfield><subfield code="z">Danbury.</subfield><subfield code="2">fast</subfield><subfield code="0">(OCoLC)fst01208883</subfield></datafield><datafield ind1="1" ind2=" " tag="700"><subfield code="a">Douglas, Nathan,</subfield><subfield code="d">1757-1806.</subfield></datafield><datafield ind1=" " ind2=" " tag="752"><subfield code="a">United States</subfield><subfield code="b">Connecticut</subfield><subfield code="c">Fairfield</subfield><subfield code="d">Danbury.</subfield></datafield><datafield ind1="0" ind2="1" tag="780"><subfield code="t">Farmer's journal (Danbury, Conn. : 1790)</subfield><subfield code="w">(DLC)sn 84022461</subfield></datafield></record>